<record><leader>00000cas a22000007a 4500</leader><controlfield tag="001">21141525</controlfield><controlfield tag="008">900301d18751929moucr ne      0    0eng d</controlfield><datafield ind1=" " ind2=" " tag="010"><subfield code="a">sn 90061200 </subfield></datafield><datafield ind1=" " ind2=" " tag="040"><subfield code="a">MQN</subfield><subfield code="b">eng</subfield><subfield code="c">MQN</subfield><subfield code="d">OCLCQ</subfield></datafield><datafield ind1=" " ind2=" " tag="042"><subfield code="a">msc</subfield></datafield><datafield ind1="0" ind2=" " tag="130"><subfield code="a">Macon republican (Macon, Mo. : 1875)</subfield></datafield><datafield ind1="1" ind2="4" tag="245"><subfield code="a">The Macon republican.</subfield></datafield><datafield ind1=" " ind2=" " tag="260"><subfield code="a">Macon, Mo. :</subfield><subfield code="b">Jones, Brock &amp; Wilson,</subfield><subfield code="c">1875-1929.</subfield></datafield><datafield ind1=" " ind2=" " tag="300"><subfield code="a">v.</subfield></datafield><datafield ind1=" " ind2=" " tag="310"><subfield code="a">Semiweekly,</subfield><subfield code="b">June 20, 1921-Apr. 19, 1929</subfield></datafield><datafield ind1=" " ind2=" " tag="321"><subfield code="a">Weekly,</subfield><subfield code="b">July 15, 1875-June 16, 1921</subfield></datafield><datafield ind1="0" ind2=" " tag="362"><subfield code="a">Vol. 5, no. 19 (July 15, 1875)-v. 60, no. 15 (Apr. 19, 1929).</subfield></datafield><datafield ind1=" " ind2=" " tag="752"><subfield code="a">United States</subfield><subfield code="b">Missouri</subfield><subfield code="c">Macon</subfield><subfield code="d">Macon.</subfield></datafield><datafield ind1="0" ind2="0" tag="780"><subfield code="t">Macon weekly republican (Macon, Mo. : 1871)</subfield><subfield code="w">(DLC)sn 85034004</subfield></datafield><datafield ind1="0" ind2="5" tag="780"><subfield code="t">Macon citizen</subfield><subfield code="w">(DLC)sn 90061199</subfield></datafield><datafield ind1="0" ind2="4" tag="785"><subfield code="t">Macon chronicle-herald</subfield><subfield code="w">(DLC)sn 90061208</subfield></datafield></record>